@conference{CphbusinessBAP,
    author = "Cphbusiness",
    title = "Bachelor Project Kick-off",
    url  = "https://datsoftlyngby.github.io/soft2019spring/BAP-Kick-off.pdf",
    addendum = "(accessed: 19.10.2020)",
    keywords = "cphbusiness, BAP, kickoff",
}

@misc{unimannheim2014guidelines,
	title = "Guidelines for Bachelor theses",
	author = "Department of Economics at the University of Mannheim",
	howpublished = "\url{https://www.vwl.uni-mannheim.de/media/Fakultaeten/vwl/Dokumente/20141105_Guidelines.pdf}",
	month = "November",
	year = 2014
	}